<?xml version = "1.0" encoding = "UTF-8"?><OAI-PMH xmlns="http://www.openarchives.org/OAI/2.0/" xmlns:xsi="http://www.w3.org/2001/XMLSchema-instance" xsi:schemaLocation="http://www.openarchives.org/OAI/2.0/ http://www.openarchives.org/OAI/2.0/OAI-PMH.xsd"><ListRecords><record><header><identifier>aleph-publish:001379814</identifier></header><metadata><record xmlns="http://www.ddb.de/professionell/mabxml/mabxml-1.xsd"><leader>00842vM2.01200024------h</leader><controlfield tag="LDR">00842vM2.01200024------h</controlfield><controlfield tag="FMT">MH</controlfield><datafield tag="001" ind1="-" ind2="1"><subfield code="a">HT003643837</subfield></datafield><datafield tag="002" ind1="a" ind2="1"><subfield code="a">19931220</subfield></datafield><datafield tag="003" ind1="-" ind2="1"><subfield code="a">20101221</subfield></datafield><datafield tag="026" ind1="-" ind2="1"><subfield code="a">HBZHT003643837</subfield></datafield><controlfield tag="030">a|1uc||||||17</controlfield><datafield tag="036" ind1="a" ind2="1"><subfield code="a">DE</subfield></datafield><datafield tag="037" ind1="b" ind2="1"><subfield code="a">ger</subfield></datafield><controlfield tag="050">a|||||||||||||</controlfield><controlfield tag="051">m|||||||</controlfield><datafield tag="070" ind1="-" ind2="1"><subfield code="a">385</subfield></datafield><datafield tag="070" ind1="b" ind2="1"><subfield code="a">82</subfield></datafield><datafield tag="080" ind1="-" ind2="1"><subfield code="a">60</subfield></datafield><datafield tag="100" ind1="-" ind2="1"><subfield code="p">Schmidt, Helmut</subfield><subfield code="d">1918-2015</subfield><subfield code="9">(DE-588)118608819</subfield></datafield><datafield tag="101" ind1="-" ind2="1"><subfield code="p">Išmīt, Hilmūt</subfield><subfield code="d">1918-2015</subfield></datafield><datafield tag="101" ind1="-" ind2="1"><subfield code="p">Shimite, He&apos;ermute</subfield><subfield code="d">1918-2015</subfield></datafield><datafield tag="101" ind1="-" ind2="1"><subfield code="p">Šmidt, Gelʹmut</subfield><subfield code="d">1918-2015</subfield></datafield><datafield tag="101" ind1="-" ind2="1"><subfield code="p">Šmidt, Helʹmut</subfield><subfield code="d">1918-2015</subfield></datafield><datafield tag="101" ind1="-" ind2="1"><subfield code="p">Smit, Chelmut</subfield><subfield code="d">1918-2015</subfield></datafield><datafield tag="101" ind1="-" ind2="1"><subfield code="p">Syumit&apos;ŭ, Helmut&apos;ŭ</subfield><subfield code="d">1918-2015</subfield></datafield><datafield tag="101" ind1="-" ind2="1"><subfield code="p">Schmidt, Helmut Heinrich Waldemar</subfield><subfield code="d">1918-2015</subfield></datafield><datafield tag="101" ind1="-" ind2="1"><subfield code="p">Šmit, Chelmut</subfield><subfield code="d">1918-2015</subfield></datafield><datafield tag="101" ind1="-" ind2="1"><subfield code="p">Šmīdt, Hīlmūt</subfield><subfield code="d">1918-2015</subfield></datafield><datafield tag="101" ind1="-" ind2="1"><subfield code="p">Shumitto, Herumuto</subfield><subfield code="d">1918-2015</subfield></datafield><datafield tag="101" ind1="-" ind2="1"><subfield code="p">He er mu te Shi mi te</subfield><subfield code="d">1918-2015</subfield></datafield><datafield tag="101" ind1="-" ind2="1"><subfield code="p">Heermute-Shimite</subfield><subfield code="d">1918-2015</subfield></datafield><datafield tag="101" ind1="-" ind2="1"><subfield code="p">Shimite, Heermute</subfield><subfield code="d">1918-2015</subfield></datafield><datafield tag="101" ind1="-" ind2="1"><subfield code="p">Šmidt, Chėlmut</subfield><subfield code="d">1918-2015</subfield></datafield><datafield tag="101" ind1="-" ind2="1"><subfield code="p">Shumitto, Herumūto</subfield><subfield code="d">1918-2015</subfield></datafield><datafield tag="101" ind1="-" ind2="1"><subfield code="p">Hel mu teu Syu mi teu jeo</subfield><subfield code="d">1918-2015</subfield></datafield><datafield tag="101" ind1="-" ind2="1"><subfield code="p">Helmuteu-Syumiteujeo</subfield><subfield code="d">1918-2015</subfield></datafield><datafield tag="101" ind1="-" ind2="1"><subfield code="p">Syumiteujeo, Helmuteu</subfield><subfield code="d">1918-2015</subfield></datafield><datafield tag="101" ind1="-" ind2="1"><subfield code="U">Jpan</subfield><subfield code="p">ヘルムート・シュミット</subfield><subfield code="d">1918-2015</subfield></datafield><datafield tag="101" ind1="-" ind2="1"><subfield code="U">Hans</subfield><subfield code="p">施密特, 赫尔穆特</subfield><subfield code="d">1918-2015</subfield></datafield><datafield tag="101" ind1="-" ind2="1"><subfield code="U">Jpan</subfield><subfield code="p">シュミット, ヘルムート</subfield><subfield code="d">1918-2015</subfield></datafield><datafield tag="101" ind1="-" ind2="1"><subfield code="U">Jpan</subfield><subfield code="p">シュミット, H.</subfield><subfield code="d">1918-2015</subfield></datafield><datafield tag="331" ind1="-" ind2="1"><subfield code="a">Einfügen in die Gemeinschaft der Völker</subfield></datafield><datafield tag="335" ind1="-" ind2="1"><subfield code="a">mit zwei Appellen von Marion Gräfin Dönhoff und Helmut Schmidt</subfield></datafield><datafield tag="359" ind1="-" ind2="1"><subfield code="a">Helmut Schmidt</subfield></datafield><datafield tag="410" ind1="-" ind2="1"><subfield code="a">Frankfurt am Main</subfield></datafield><datafield tag="412" ind1="-" ind2="1"><subfield code="a">Luchterhand</subfield></datafield><datafield tag="425" ind1="a" ind2="1"><subfield code="a">1990</subfield></datafield><datafield tag="433" ind1="-" ind2="1"><subfield code="a">118 S.</subfield></datafield><datafield tag="451" ind1="-" ind2="1"><subfield code="a">Luchterhand Essay</subfield></datafield><datafield tag="517" ind1="-" ind2="1"><subfield code="p">Enth. außerdem</subfield><subfield code="a">Der Osten braucht unsere Solidarität / Marion Gräfin Dönhoff und Helmut Schmidt</subfield></datafield><datafield tag="540" ind1="a" ind2="1"><subfield code="a">3-630-87102-X</subfield></datafield><datafield tag="700" ind1="l" ind2="1"><subfield code="a">610</subfield></datafield><datafield tag="800" ind1="-" ind2="1"><subfield code="p">Dönhoff, Marion</subfield><subfield code="c">Gräfin</subfield><subfield code="d">1909-2002</subfield><subfield code="9">(DE-588)118680056</subfield></datafield><datafield tag="801" ind1="-" ind2="1"><subfield code="p">Dönhoff, Marion Hedda Ilse</subfield><subfield code="d">1909-2002</subfield></datafield><datafield tag="801" ind1="-" ind2="1"><subfield code="p">Dönhoff, Marion Hedda Ilse</subfield><subfield code="c">Gräfin</subfield><subfield code="d">1909-2002</subfield></datafield><datafield tag="801" ind1="-" ind2="1"><subfield code="p">Dönhoff, Marion</subfield><subfield code="c">hrabina</subfield><subfield code="d">1909-2002</subfield></datafield><datafield tag="801" ind1="-" ind2="1"><subfield code="p">Dönhoff, Marion &lt;&lt;von&gt;&gt;</subfield><subfield code="d">1909-2002</subfield></datafield><datafield tag="801" ind1="-" ind2="1"><subfield code="p">Gräfin Dönhoff, Marion</subfield><subfield code="d">1909-2002</subfield></datafield><datafield tag="801" ind1="-" ind2="1"><subfield code="p">Ma li ang Ge lai fen Deng huo fu</subfield><subfield code="d">1909-2002</subfield></datafield><datafield tag="801" ind1="-" ind2="1"><subfield code="p">Maliang-Gelaifen-Denghuofu</subfield><subfield code="d">1909-2002</subfield></datafield><datafield tag="801" ind1="-" ind2="1"><subfield code="p">Denghuofu, Maliang</subfield><subfield code="c">Gelaifen</subfield><subfield code="d">1909-2002</subfield></datafield><datafield tag="801" ind1="-" ind2="1"><subfield code="p">Dënhoff, Marion</subfield><subfield code="c">Grafinja</subfield><subfield code="d">1909-2002</subfield></datafield><datafield tag="801" ind1="-" ind2="1"><subfield code="p">Dönhoff, Marion</subfield><subfield code="c">Gräfin, Journalist</subfield><subfield code="d">1909-2002</subfield></datafield><datafield tag="801" ind1="-" ind2="1"><subfield code="p">Dönhoff, Marion</subfield><subfield code="c">Gräfin, Journalistin</subfield><subfield code="d">1909-2002</subfield></datafield><datafield tag="801" ind1="-" ind2="1"><subfield code="p">Dönhoff, Marion</subfield><subfield code="c">Countess</subfield><subfield code="d">1909-2002</subfield></datafield><datafield tag="801" ind1="-" ind2="1"><subfield code="p">Dönhoff, Marion</subfield><subfield code="c">Gräfin, Journaliste</subfield><subfield code="d">1909-2002</subfield></datafield><datafield tag="801" ind1="-" ind2="1"><subfield code="p">Dönhoff, Marion</subfield><subfield code="d">1909-2002</subfield></datafield><datafield tag="805" ind1="b" ind2="1"><subfield code="a">&lt;&lt;Der&gt;&gt; Osten braucht unsere Solidarität</subfield></datafield><datafield tag="806" ind1="-" ind2="1"><subfield code="p">Schmidt, Helmut</subfield><subfield code="d">1918-2015</subfield><subfield code="9">(DE-588)118608819</subfield></datafield><datafield tag="807" ind1="-" ind2="1"><subfield code="p">Išmīt, Hilmūt</subfield><subfield code="d">1918-2015</subfield></datafield><datafield tag="807" ind1="-" ind2="1"><subfield code="p">Shimite, He&apos;ermute</subfield><subfield code="d">1918-2015</subfield></datafield><datafield tag="807" ind1="-" ind2="1"><subfield code="p">Šmidt, Gelʹmut</subfield><subfield code="d">1918-2015</subfield></datafield><datafield tag="807" ind1="-" ind2="1"><subfield code="p">Šmidt, Helʹmut</subfield><subfield code="d">1918-2015</subfield></datafield><datafield tag="807" ind1="-" ind2="1"><subfield code="p">Smit, Chelmut</subfield><subfield code="d">1918-2015</subfield></datafield><datafield tag="807" ind1="-" ind2="1"><subfield code="p">Syumit&apos;ŭ, Helmut&apos;ŭ</subfield><subfield code="d">1918-2015</subfield></datafield><datafield tag="807" ind1="-" ind2="1"><subfield code="p">Schmidt, Helmut Heinrich Waldemar</subfield><subfield code="d">1918-2015</subfield></datafield><datafield tag="807" ind1="-" ind2="1"><subfield code="p">Šmit, Chelmut</subfield><subfield code="d">1918-2015</subfield></datafield><datafield tag="807" ind1="-" ind2="1"><subfield code="p">Šmīdt, Hīlmūt</subfield><subfield code="d">1918-2015</subfield></datafield><datafield tag="807" ind1="-" ind2="1"><subfield code="p">Shumitto, Herumuto</subfield><subfield code="d">1918-2015</subfield></datafield><datafield tag="807" ind1="-" ind2="1"><subfield code="p">He er mu te Shi mi te</subfield><subfield code="d">1918-2015</subfield></datafield><datafield tag="807" ind1="-" ind2="1"><subfield code="p">Heermute-Shimite</subfield><subfield code="d">1918-2015</subfield></datafield><datafield tag="807" ind1="-" ind2="1"><subfield code="p">Shimite, Heermute</subfield><subfield code="d">1918-2015</subfield></datafield><datafield tag="807" ind1="-" ind2="1"><subfield code="p">Šmidt, Chėlmut</subfield><subfield code="d">1918-2015</subfield></datafield><datafield tag="807" ind1="-" ind2="1"><subfield code="p">Shumitto, Herumūto</subfield><subfield code="d">1918-2015</subfield></datafield><datafield tag="807" ind1="-" ind2="1"><subfield code="p">Hel mu teu Syu mi teu jeo</subfield><subfield code="d">1918-2015</subfield></datafield><datafield tag="807" ind1="-" ind2="1"><subfield code="p">Helmuteu-Syumiteujeo</subfield><subfield code="d">1918-2015</subfield></datafield><datafield tag="807" ind1="-" ind2="1"><subfield code="p">Syumiteujeo, Helmuteu</subfield><subfield code="d">1918-2015</subfield></datafield><datafield tag="807" ind1="-" ind2="1"><subfield code="U">Jpan</subfield><subfield code="p">ヘルムート・シュミット</subfield><subfield code="d">1918-2015</subfield></datafield><datafield tag="807" ind1="-" ind2="1"><subfield code="U">Hans</subfield><subfield code="p">施密特, 赫尔穆特</subfield><subfield code="d">1918-2015</subfield></datafield><datafield tag="807" ind1="-" ind2="1"><subfield code="U">Jpan</subfield><subfield code="p">シュミット, ヘルムート</subfield><subfield code="d">1918-2015</subfield></datafield><datafield tag="807" ind1="-" ind2="1"><subfield code="U">Jpan</subfield><subfield code="p">シュミット, H.</subfield><subfield code="d">1918-2015</subfield></datafield><datafield tag="811" ind1="b" ind2="1"><subfield code="a">&lt;&lt;Der&gt;&gt; Osten braucht unsere Solidarität</subfield></datafield><datafield tag="902" ind1="-" ind2="1"><subfield code="s">Wiedervereinigung</subfield><subfield code="h">Deutschland</subfield><subfield code="9">(DE-588)4235034-7</subfield></datafield><datafield tag="902" ind1="-" ind2="1"><subfield code="g">Europa</subfield><subfield code="9">(DE-588)4015701-5</subfield></datafield><datafield tag="902" ind1="-" ind2="1"><subfield code="f">Aufsatzsammlung</subfield></datafield><datafield tag="903" ind1="-" ind2="1"><subfield code="a">213</subfield></datafield><controlfield tag="SYS">001379814</controlfield><datafield tag="LOW" ind1="-" ind2="1"><subfield code="a">U0001</subfield></datafield><datafield tag="LOW" ind1="-" ind2="1"><subfield code="a">Q1037</subfield></datafield><datafield tag="LOW" ind1="-" ind2="1"><subfield code="a">R0001</subfield></datafield><datafield tag="LOW" ind1="-" ind2="1"><subfield code="a">A0001</subfield></datafield><datafield tag="LOW" ind1="-" ind2="1"><subfield code="a">C0001</subfield></datafield><datafield tag="LOW" ind1="-" ind2="1"><subfield code="a">B4009</subfield></datafield><datafield tag="LOW" ind1="-" ind2="1"><subfield code="a">M1054</subfield></datafield><datafield tag="LOW" ind1="-" ind2="1"><subfield code="a">M0002</subfield></datafield><datafield tag="952" ind1="-" ind2="1"><subfield code="s">Wiedervereinigung Deutschlands</subfield></datafield><datafield tag="952" ind1="-" ind2="1"><subfield code="s">Vereinigung Deutschlands</subfield></datafield><datafield tag="952" ind1="-" ind2="1"><subfield code="s">Deutsche Einheit</subfield><subfield code="h">Vereinigung</subfield></datafield><datafield tag="952" ind1="-" ind2="1"><subfield code="g">Abendland</subfield></datafield><datafield tag="952" ind1="-" ind2="1"><subfield code="g">Okzident</subfield></datafield><datafield tag="088" ind1=" " ind2=" "><subfield code="a">294/21</subfield><subfield code="b">00021000</subfield><subfield code="c">GS IV A 449</subfield><subfield code="e">keine ILL</subfield></datafield><datafield tag="088" ind1=" " ind2=" "><subfield code="a">Bo 133</subfield><subfield code="c">A 91-3004</subfield><subfield code="e">Keine Angabe</subfield></datafield><datafield tag="088" ind1=" " ind2=" "><subfield code="a">Dü 20</subfield><subfield code="c">41 902</subfield><subfield code="e">Keine Angabe</subfield></datafield><datafield tag="088" ind1=" " ind2=" "><subfield code="a">290</subfield><subfield code="b">00000001</subfield><subfield code="c">D 26866</subfield><subfield code="e">ILL Ausleihe</subfield></datafield><datafield tag="088" ind1=" " ind2=" "><subfield code="a">361</subfield><subfield code="b">00000012</subfield><subfield code="c">IE753 S351</subfield><subfield code="e">Keine Angabe</subfield></datafield><datafield tag="088" ind1=" " ind2=" "><subfield code="a">6/A</subfield><subfield code="b">00001043</subfield><subfield code="c">ML 1800/51</subfield><subfield code="e">ILL Ausleihe</subfield></datafield><datafield tag="088" ind1=" " ind2=" "><subfield code="a">6/123</subfield><subfield code="b">00004040</subfield><subfield code="c">ERZ XB6 20A</subfield><subfield code="e">ILL Kopie+Ausl.</subfield></datafield><datafield tag="088" ind1=" " ind2=" "><subfield code="a">82</subfield><subfield code="b">00000000</subfield><subfield code="c">MD7161</subfield><subfield code="e">ILL Ausleihe</subfield></datafield><datafield tag="088" ind1=" " ind2=" "><subfield code="a">929</subfield><subfield code="b">00000000</subfield><subfield code="c">91/2643</subfield><subfield code="e">ILL Ausleihe</subfield></datafield><datafield tag="088" ind1=" " ind2=" "><subfield code="a">5/162</subfield><subfield code="b">00052001</subfield><subfield code="c">Sb S 136</subfield><subfield code="e">keine ILL</subfield></datafield><datafield tag="088" ind1=" " ind2=" "><subfield code="a">385</subfield><subfield code="c">sb26921</subfield><subfield code="e">Normalausleihe</subfield></datafield><datafield tag="088" ind1=" " ind2=" "><subfield code="a">60</subfield></datafield></record></metadata></record></ListRecords></OAI-PMH>